<?xml version="1.0" encoding="UTF-8"?><collection xmlns="http://www.loc.gov/MARC21/slim"><record><leader>00591nam--2200205-u-4500</leader><controlfield tag="001">000053914</controlfield><controlfield tag="002">20161230</controlfield><controlfield tag="005">20161230201051</controlfield><controlfield tag="008">110706s1000------------r-----000-0-rus-d</controlfield><datafield ind1=" " ind2=" " tag="040"><subfield code="a">IFIN-HH</subfield></datafield><datafield ind1=" " ind2=" " tag="041"><subfield code="a">rus</subfield></datafield><datafield ind1=" " ind2=" " tag="080"><subfield code="a">537.226.33</subfield></datafield><datafield ind1="1" ind2=" " tag="100"><subfield code="a">Blinc, R</subfield></datafield><datafield ind1="1" ind2="0" tag="245"><subfield code="a">Segnetoelektriki i anti- segnetoelektriki</subfield><subfield code="b">Dinamika reshetki</subfield><subfield code="c">R. blinc; b. zeks</subfield></datafield><datafield ind1=" " ind2=" " tag="260"><subfield code="a">Moskva</subfield><subfield code="b">Mir</subfield><subfield code="c">1975</subfield></datafield><datafield ind1=" " ind2=" " tag="300"><subfield code="a">398P</subfield></datafield><datafield ind1=" " ind2=" " tag="500"><subfield code="a">Titlul Original In Limba Engleza: Soft Modes In Ferroelectrics And Antiferroelectrics</subfield></datafield><datafield ind1="1" ind2=" " tag="700"><subfield code="a">Zeks, B</subfield></datafield><datafield ind1=" " ind2=" " tag="852"><subfield code="a">43647</subfield><subfield code="c">537.226</subfield></datafield><datafield ind1=" " ind2=" " tag="CAT"><subfield code="a">Sys</subfield><subfield code="c">20110706</subfield><subfield code="h">145648</subfield></datafield></record></collection>